@inproceedings{reynolds1987flocks,
  title={Flocks, herds and schools: A distributed behavioral model},
  author={Reynolds, Craig W},
  booktitle={ACM SIGGRAPH Computer Graphics},
  volume={21},
  number={4},
  pages={25--34},
  year={1987},
  organization={ACM}
}
